[gd_resource type="Resource" script_class="SmallBuildable" load_steps=18 format=3 uid="uid://5iibkqn56ebg"]

[ext_resource type="Script" path="res://inventory/connector_network.gd" id="1_i66ot"]
[ext_resource type="Script" path="res://inventory/connector.gd" id="2_5h6ov"]
[ext_resource type="Script" path="res://grid/small/pipes/small_pipes_placement_script.gd" id="2_vdn2j"]
[ext_resource type="Script" path="res://inventory/connector_network_set.gd" id="3_f26x8"]
[ext_resource type="PackedScene" uid="uid://bhfg1b5qa66pm" path="res://grid/small/pipes/small_pipe_six_way_view.tscn" id="3_ifhdj"]
[ext_resource type="Script" path="res://grid/small/small_buildable.gd" id="4_avgkl"]
[ext_resource type="Script" path="res://inventory/build_step.gd" id="5_0s2en"]
[ext_resource type="PackedScene" uid="uid://b8dhsq26y2vuv" path="res://grid/small/pipes/small_pipe_six_way_physics.tscn" id="6_3myq1"]

[sub_resource type="Resource" id="Resource_xa2ef"]
script = ExtResource("2_5h6ov")
offset = Vector3i(0, 0, 0)
direction = Vector3i(1, 0, 0)

[sub_resource type="Resource" id="Resource_naapp"]
script = ExtResource("2_5h6ov")
offset = Vector3i(0, 0, 0)
direction = Vector3i(-1, 0, 0)

[sub_resource type="Resource" id="Resource_gjne1"]
script = ExtResource("2_5h6ov")
offset = Vector3i(0, 0, 0)
direction = Vector3i(0, 1, 0)

[sub_resource type="Resource" id="Resource_fijxw"]
script = ExtResource("2_5h6ov")
offset = Vector3i(0, 0, 0)
direction = Vector3i(0, -1, 0)

[sub_resource type="Resource" id="Resource_v4trk"]
script = ExtResource("2_5h6ov")
offset = Vector3i(0, 0, 0)
direction = Vector3i(0, 0, 1)

[sub_resource type="Resource" id="Resource_8ekar"]
script = ExtResource("2_5h6ov")
offset = Vector3i(0, 0, 0)
direction = Vector3i(0, 0, -1)

[sub_resource type="Resource" id="Resource_su6rt"]
script = ExtResource("1_i66ot")
name = &"Gas"
type = 0
connector_list = Array[ExtResource("2_5h6ov")]([SubResource("Resource_xa2ef"), SubResource("Resource_naapp"), SubResource("Resource_gjne1"), SubResource("Resource_fijxw"), SubResource("Resource_v4trk"), SubResource("Resource_8ekar")])

[sub_resource type="Resource" id="Resource_yr5tb"]
script = ExtResource("3_f26x8")
network_list = Array[ExtResource("1_i66ot")]([SubResource("Resource_su6rt")])

[sub_resource type="Resource" id="Resource_yco3h"]
script = ExtResource("5_0s2en")
scene = ExtResource("6_3myq1")
assemble_tool = Array[StringName]([])
disassemble_tool = Array[StringName]([&"wrench"])
needed_material = Array[StringName]([&"pipes"])
needed_material_amount = 1
blocks_atmos = false

[resource]
script = ExtResource("4_avgkl")
layer = 1
preview_scene = ExtResource("3_ifhdj")
placement_script = ExtResource("2_vdn2j")
step_list = Array[ExtResource("5_0s2en")]([SubResource("Resource_yco3h")])
network_set = SubResource("Resource_yr5tb")
