[gd_resource type="Resource" script_class="SmallBuildable" load_steps=15 format=3 uid="uid://cce7xuxnipc63"]

[ext_resource type="Script" path="res://inventory/connector_network.gd" id="1_rhb84"]
[ext_resource type="Script" path="res://grid/small/pipes/small_pipes_placement_script.gd" id="2_3c7p3"]
[ext_resource type="Script" path="res://inventory/connector.gd" id="2_ejg7v"]
[ext_resource type="PackedScene" uid="uid://btji3nemo40kw" path="res://grid/small/pipes/small_pipe_tee_corner_view.tscn" id="3_jlhk2"]
[ext_resource type="Script" path="res://inventory/connector_network_set.gd" id="3_m16ce"]
[ext_resource type="Script" path="res://grid/small/small_buildable.gd" id="4_8fiuo"]
[ext_resource type="Script" path="res://inventory/build_step.gd" id="5_lcuho"]
[ext_resource type="PackedScene" uid="uid://b8wxi3h81y3n4" path="res://grid/small/pipes/small_pipe_tee_corner_physics.tscn" id="6_ssd1a"]

[sub_resource type="Resource" id="Resource_cjxdf"]
script = ExtResource("2_ejg7v")
offset = Vector3i(0, 0, 0)
direction = Vector3i(1, 0, 0)

[sub_resource type="Resource" id="Resource_1qwwn"]
script = ExtResource("2_ejg7v")
offset = Vector3i(0, 0, 0)
direction = Vector3i(0, 1, 0)

[sub_resource type="Resource" id="Resource_q877g"]
script = ExtResource("2_ejg7v")
offset = Vector3i(0, 0, 0)
direction = Vector3i(0, 0, -1)

[sub_resource type="Resource" id="Resource_qlt81"]
script = ExtResource("1_rhb84")
name = &"gas"
type = 0
connector_list = Array[ExtResource("2_ejg7v")]([SubResource("Resource_cjxdf"), SubResource("Resource_1qwwn"), SubResource("Resource_q877g")])

[sub_resource type="Resource" id="Resource_5t8yo"]
script = ExtResource("3_m16ce")
network_list = Array[ExtResource("1_rhb84")]([SubResource("Resource_qlt81")])

[sub_resource type="Resource" id="Resource_yco3h"]
script = ExtResource("5_lcuho")
scene = ExtResource("6_ssd1a")
assemble_tool = Array[StringName]([])
disassemble_tool = Array[StringName]([&"wrench"])
needed_material = Array[StringName]([&"pipes"])
needed_material_amount = 1
blocks_atmos = false

[resource]
script = ExtResource("4_8fiuo")
layer = 1
preview_scene = ExtResource("3_jlhk2")
placement_script = ExtResource("2_3c7p3")
step_list = Array[ExtResource("5_lcuho")]([SubResource("Resource_yco3h")])
network_set = SubResource("Resource_5t8yo")
